@inproceedings{zhang2014optimal,
  title={Optimal real-time bidding for display advertising},
  author={Zhang, Weinan and Yuan, Shuai and Wang, Jun},
  booktitle={Proceedings of the 20th ACM SIGKDD international conference on Knowledge discovery and data mining},
  pages={1077--1086},
  year={2014},
  organization={ACM}
}
@inproceedings{Li2007Scalable,
  title={Scalable Term Selection for Text Categorization},
  author={Li, Jingyang and Sun, Maosong},
  booktitle={EMNLP-CoNLL 2007, Proceedings of the 2007 Joint Conference on Empirical Methods in Natural Language Processing and Computational Natural Language Learning, June 28-30, 2007, Prague, Czech Republic},
  pages={774-782},
  year={2007},
}
